{
  "leader": "03679cam a22005171i 4500",
  "fields": [
    {
      "001": "ocm00384252\\"
    },
    {
      "003": "OCoLC"
    },
    {
      "005": "20211116141024.0"
    },
    {
      "008": "810622s1940\\\\\\\\nyua\\\\\\\\\\b\\\\\\\\001\\0\\eng\\\\"
    },
    {
      "010": {
        "ind1": "\\",
        "ind2": "\\",
        "subfields": [
          {
            "a": "   40009761 "
          }
        ]
      }
    },
    {
      "040": {
        "ind1": "\\",
        "ind2": "\\",
        "subfields": [
          {
            "a": "NLM"
          },
          {
            "b": "eng"
          },
          {
            "c": "NLM"
          },
          {
            "d": "CSU"
          },
          {
            "d": "DEBBG"
          },
          {
            "d": "VA@"
          },
          {
            "d": "UKMGB"
          },
          {
            "d": "TULIB"
          },
          {
            "d": "OCLCF"
          },
          {
            "d": "OCLCO"
          },
          {
            "d": "OCLCQ"
          },
          {
            "d": "OCLCO"
          },
          {
            "d": "HNW"
          },
          {
            "d": "OCLCQ"
          },
          {
            "d": "OCLCO"
          },
          {
            "d": "OCLCQ"
          },
          {
            "d": "OCLCO"
          },
          {
            "d": "OCLCA"
          },
          {
            "d": "BOS"
          },
          {
            "d": "OCLCQ"
          },
          {
            "d": "OCLCO"
          },
          {
            "d": "OCLCQ"
          },
          {
            "d": "CSA"
          },
          {
            "d": "OCLCO"
          },
          {
            "d": "OCLCA"
          },
          {
            "d": "NLM"
          },
          {
            "d": "OCLCQ"
          },
          {
            "d": "OCLCO"
          },
          {
            "d": "OCLCA"
          },
          {
            "d": "FNL"
          },
          {
            "d": "LUN"
          },
          {
            "d": "IL4J6"
          },
          {
            "d": "OCLCO"
          },
          {
            "d": "FLARE"
          }
        ]
      }
    },
    {
      "016": {
        "ind1": "7",
        "ind2": "\\",
        "subfields": [
          {
            "a": "03230620R"
          },
          {
            "2": "DNLM"
          }
        ]
      }
    },
    {
      "016": {
        "ind1": "7",
        "ind2": "\\",
        "subfields": [
          {
            "a": "010855485"
          },
          {
            "2": "Uk"
          }
        ]
      }
    },
    {
      "016": {
        "ind1": "7",
        "ind2": "\\",
        "subfields": [
          {
            "a": "002635387"
          },
          {
            "2": "Uk"
          }
        ]
      }
    },
    {
      "019": {
        "ind1": "\\",
        "ind2": "\\",
        "subfields": [
          {
            "a": "252807999"
          },
          {
            "a": "1119597524"
          },
          {
            "a": "1156742359"
          },
          {
            "a": "1170293198"
          }
        ]
      }
    },
    {
      "035": {
        "ind1": "\\",
        "ind2": "\\",
        "subfields": [
          {
            "a": "(OCoLC)384252"
          },
          {
            "z": "(OCoLC)252807999"
          },
          {
            "z": "(OCoLC)1119597524"
          },
          {
            "z": "(OCoLC)1156742359"
          },
          {
            "z": "(OCoLC)1170293198"
          }
        ]
      }
    },
    {
      "043": {
        "ind1": "\\",
        "ind2": "\\",
        "subfields": [
          {
            "a": "n-us-ma"
          }
        ]
      }
    },
    {
      "050": {
        "ind1": "\\",
        "ind2": "4",
        "subfields": [
          {
            "a": "HV9094.B7"
          },
          {
            "b": "G63"
          }
        ]
      }
    },
    {
      "060": {
        "ind1": "0",
        "ind2": "0",
        "subfields": [
          {
            "a": "HV 9094.B7"
          },
          {
            "b": "G567j 1940"
          }
        ]
      }
    },
    {
      "080": {
        "ind1": "\\",
        "ind2": "\\",
        "subfields": [
          {
            "a": "343.915(73)"
          }
        ]
      }
    },
    {
      "082": {
        "ind1": "0",
        "ind2": "4",
        "subfields": [
          {
            "a": "364"
          },
          {
            "b": "GLU"
          }
        ]
      }
    },
    {
      "100": {
        "ind1": "1",
        "ind2": "\\",
        "subfields": [
          {
            "a": "Glueck, Sheldon,"
          },
          {
            "d": "1896-1980."
          }
        ]
      }
    },
    {
      "245": {
        "ind1": "1",
        "ind2": "0",
        "subfields": [
          {
            "a": "Juvenile delinquents grown up /"
          },
          {
            "c": "[by] Sheldon and Eleanor Glueck."
          }
        ]
      }
    },
    {
      "260": {
        "ind1": "\\",
        "ind2": "\\",
        "subfields": [
          {
            "a": "New York :"
          },
          {
            "b": "The Commonwealth fund ;"
          },
          {
            "a": "London :"
          },
          {
            "b": "H. Milford :"
          },
          {
            "b": "Oxford University Press,"
          },
          {
            "c": "1940."
          }
        ]
      }
    },
    {
      "300": {
        "ind1": "\\",
        "ind2": "\\",
        "subfields": [
          {
            "a": "viii pages, 1 leaf, 330 pages :"
          },
          {
            "b": "illustrations ;"
          },
          {
            "c": "24 cm"
          }
        ]
      }
    },
    {
      "336": {
        "ind1": "\\",
        "ind2": "\\",
        "subfields": [
          {
            "a": "text"
          },
          {
            "b": "txt"
          },
          {
            "2": "rdacontent"
          }
        ]
      }
    },
    {
      "337": {
        "ind1": "\\",
        "ind2": "\\",
        "subfields": [
          {
            "a": "unmediated"
          },
          {
            "b": "n"
          },
          {
            "2": "rdamedia"
          }
        ]
      }
    },
    {
      "338": {
        "ind1": "\\",
        "ind2": "\\",
        "subfields": [
          {
            "a": "volume"
          },
          {
            "b": "nc"
          },
          {
            "2": "rdacarrier"
          }
        ]
      }
    },
    {
      "500": {
        "ind1": "\\",
        "ind2": "\\",
        "subfields": [
          {
            "a": "A further study of the careers of a group of juvenile delinquents first considered in the author's One thousand juvenile delinquents, published in 1934."
          }
        ]
      }
    },
    {
      "504": {
        "ind1": "\\",
        "ind2": "\\",
        "subfields": [
          {
            "a": "Includes bibliographical references and index."
          }
        ]
      }
    },
    {
      "505": {
        "ind1": "0",
        "ind2": "\\",
        "subfields": [
          {
            "a": "Introduction -- Characteristics of the delinquents -- Delinquency prior to appearance in Boston juvenile court -- Delinquency in first follow-up period -- Delinquency in second follow-up period -- Delinquency in third follow-up period -- Trend of conduct -- Age, maturation, and changes in conduct -- Comparison of reformed and unreformed offenders -- Comparison of younger and older reformed offenders -- Comparison of serious and minor offenders -- Predicting behavior during a fifteen-year span -- Behavior during various forms of peno-correctional treatment -- Offenders who succeeded during extramural treatment and those who failed -- Offenders who succeeded during intramural treatment and those who failed -- Offenders who succeeded during both extramural and intramural treatment and those who failed -- Offenders who succeeded during intramural treatment and those who succeeded during both forms of treatment -- Offenders who succeeded during extramural treatment and those who succeeded during both forms of treatment -- Predicting behavior during various forms of peno-correctional treatment -- Cases illustrating the use of prediction tables -- method of this research -- Summary and conclusions."
          }
        ]
      }
    },
    {
      "610": {
        "ind1": "1",
        "ind2": "0",
        "subfields": [
          {
            "a": "Massachusetts."
          },
          {
            "b": "Juvenile Court (Boston)"
          }
        ]
      }
    },
    {
      "650": {
        "ind1": "\\",
        "ind2": "0",
        "subfields": [
          {
            "a": "Juvenile delinquency"
          },
          {
            "z": "Massachusetts"
          },
          {
            "z": "Boston."
          }
        ]
      }
    },
    {
      "650": {
        "ind1": "\\",
        "ind2": "0",
        "subfields": [
          {
            "a": "Criminal statistics"
          },
          {
            "z": "Massachusetts"
          },
          {
            "z": "Boston."
          }
        ]
      }
    },
    {
      "650": {
        "ind1": "\\",
        "ind2": "2",
        "subfields": [
          {
            "a": "Juvenile Delinquency."
          },
          {
            "0": "https://id.nlm.nih.gov/mesh/D007604"
          }
        ]
      }
    },
    {
      "651": {
        "ind1": "\\",
        "ind2": "2",
        "subfields": [
          {
            "a": "Massachusetts."
          },
          {
            "0": "https://id.nlm.nih.gov/mesh/D008404"
          }
        ]
      }
    },
    {
      "610": {
        "ind1": "1",
        "ind2": "7",
        "subfields": [
          {
            "a": "Massachusetts."
          },
          {
            "b": "Juvenile Court (Boston)"
          },
          {
            "2": "fast"
          },
          {
            "0": "(OCoLC)fst00512563"
          }
        ]
      }
    },
    {
      "650": {
        "ind1": "\\",
        "ind2": "7",
        "subfields": [
          {
            "a": "Criminal statistics."
          },
          {
            "2": "fast"
          },
          {
            "0": "(OCoLC)fst00883500"
          }
        ]
      }
    },
    {
      "650": {
        "ind1": "\\",
        "ind2": "7",
        "subfields": [
          {
            "a": "Juvenile courts."
          },
          {
            "2": "fast"
          },
          {
            "0": "(OCoLC)fst00985305"
          }
        ]
      }
    },
    {
      "650": {
        "ind1": "\\",
        "ind2": "7",
        "subfields": [
          {
            "a": "Juvenile delinquency."
          },
          {
            "2": "fast"
          },
          {
            "0": "(OCoLC)fst00985320"
          }
        ]
      }
    },
    {
      "651": {
        "ind1": "\\",
        "ind2": "7",
        "subfields": [
          {
            "a": "Massachusetts"
          },
          {
            "z": "Boston."
          },
          {
            "2": "fast"
          },
          {
            "0": "(OCoLC)fst01205012"
          }
        ]
      }
    },
    {
      "700": {
        "ind1": "1",
        "ind2": "\\",
        "subfields": [
          {
            "a": "Glueck, Eleanor T."
          },
          {
            "q": "(Eleanor Touroff),"
          },
          {
            "d": "1898-1972."
          }
        ]
      }
    },
    {
      "776": {
        "ind1": "0",
        "ind2": "8",
        "subfields": [
          {
            "i": "Online version:"
          },
          {
            "a": "Glueck, Sheldon, 1896-1980."
          },
          {
            "t": "Juvenile delinquents grown up."
          },
          {
            "d": "New York, Commonwealth Fund, 1940"
          },
          {
            "w": "(OCoLC)574446691"
          }
        ]
      }
    },
    {
      "994": {
        "ind1": "\\",
        "ind2": "\\",
        "subfields": [
          {
            "a": "Z0"
          },
          {
            "b": "NYRVC"
          }
        ]
      }
    },
    {
      "948": {
        "ind1": "\\",
        "ind2": "\\",
        "subfields": [
          {
            "h": "NO HOLDINGS IN NYRVC - 471 OTHER HOLDINGS"
          }
        ]
      }
    },
    {
      "999": {
        "ind1": "\\",
        "ind2": "\\",
        "subfields": [
          {
            "a": "No barcode."
          }
        ]
      }
    }
  ]
}